<?xml version="1.0" encoding="UTF-8"?>
<record xmlns="http://www.loc.gov/MARC21/slim" xmlns:xsi="http://www.w3.org/2001/XMLSchema-instance" xsi:schemaLocation="http://www.loc.gov/MARC21/slim http://www.loc.gov/standards/marcxml/schema/MARC21slim.xsd">
<leader>     cam a2200301 a 4500</leader>
<controlfield tag="001">002960685</controlfield>
<controlfield tag="003">NNU</controlfield>
<controlfield tag="005">20070223063744.0</controlfield>
<controlfield tag="008">890202m19641965iq aceh  b    001 0 ararc</controlfield>
<datafield tag="010" ind1=" " ind2=" ">
<subfield code="a">ne 65000662 //r</subfield>
</datafield>
<datafield tag="035" ind1="9" ind2=" ">
<subfield code="a">NYUb10688708</subfield>
</datafield>
<datafield tag="035" ind1=" " ind2=" ">
<subfield code="a">(CStRLIN)NYUG89-B3839</subfield>
</datafield>
<datafield tag="040" ind1=" " ind2=" ">
<subfield code="a">Princeton Univ. Libr.</subfield>
<subfield code="c">NN</subfield>
<subfield code="d">NN</subfield>
<subfield code="d">NNU</subfield>
</datafield>
<datafield tag="043" ind1=" " ind2=" ">
<subfield code="a">a-iq---</subfield>
</datafield>
<datafield tag="050" ind1="0" ind2="4">
<subfield code="a">BP187.6.A2</subfield>
<subfield code="b">J32</subfield>
</datafield>
<datafield tag="066" ind1=" " ind2=" ">
<subfield code="c">(3</subfield>
</datafield>
<datafield tag="090" ind1=" " ind2=" ">
<subfield code="a">BP187.6.A2</subfield>
<subfield code="b">J32</subfield>
</datafield>
<datafield tag="100" ind1="1" ind2=" ">
<subfield code="6">880-01</subfield>
<subfield code="a">Aʻẓamī, Hāshim.</subfield>
</datafield>
<datafield tag="245" ind1="1" ind2="0">
<subfield code="6">880-02</subfield>
<subfield code="a">Tārīkh Jāmiʻ al-Imām al-Aʻẓam wa-masājid al-Aʻẓamīyah /</subfield>
<subfield code="c">taʼlīf Hāshim al-Aʻẓamī.</subfield>
</datafield>
<datafield tag="246" ind1="1" ind2=" ">
<subfield code="i">Title on p. [4] of cover:</subfield>
<subfield code="a">History of the mosque of Abu-Hanifah (The grand jurist) and the mosques of Adhamiya</subfield>
</datafield>
<datafield tag="260" ind1=" " ind2=" ">
<subfield code="6">880-03</subfield>
<subfield code="a">Baghdād :</subfield>
<subfield code="b">Maṭbaʻat al-ʻĀnī,</subfield>
<subfield code="c">1964-1965.</subfield>
</datafield>
<datafield tag="300" ind1=" " ind2=" ">
<subfield code="a">2 v. :</subfield>
<subfield code="b">ill., facsims., plan, ports. ;</subfield>
<subfield code="c">24 cm.</subfield>
</datafield>
<datafield tag="500" ind1=" " ind2=" ">
<subfield code="a">Includes bibliographies.</subfield>
</datafield>
<datafield tag="505" ind1="0" ind2=" ">
<subfield code="a">Juzʼ 1. Jāmiʻ al-Imām wa-madrasatuhu al-ʻilmīyah -- Juzʼ 2. Masājid al-Aʻẓamīyah</subfield>
</datafield>
<datafield tag="610" ind1="2" ind2="0">
<subfield code="a">Jāmiʻ al-Imām al-Aʻẓam.</subfield>
</datafield>
<datafield tag="610" ind1="2" ind2="0">
<subfield code="a">Kullīyat al-Sharīʻah (Aʻẓamīyah, ʻIrāq)</subfield>
</datafield>
<datafield tag="880" ind1="1" ind2=" ">
<subfield code="6">100-01/</subfield>
<subfield code="a">أعظمي، هاشم.</subfield>
</datafield>
<datafield tag="880" ind1="1" ind2="0">
<subfield code="6">245-02/</subfield>
<subfield code="a">تاريخ جامع الإمام الأعظم ومساجد الأعظمية /</subfield>
<subfield code="c">تأليف هاشم الأعظمي.</subfield>
</datafield>
<datafield tag="880" ind1=" " ind2=" ">
<subfield code="6">260-03/</subfield>
<subfield code="a">بغداد :</subfield>
<subfield code="b">مطبعة العاني،</subfield>
<subfield code="c">١٩٦٤-١٩٦٥.</subfield>
</datafield>
<datafield tag="OWN" ind1=" " ind2=" ">
<subfield code="a">GENERAL</subfield>
</datafield>
<datafield tag="AVA" ind1=" " ind2=" ">
<subfield code="a">NYU50</subfield>
<subfield code="b">BOBST</subfield>
<subfield code="c">Main Collection</subfield>
<subfield code="d">BP187.6.A2 J32</subfield>
<subfield code="e">unavailable</subfield>
<subfield code="t">Unavailable</subfield>
<subfield code="f">2</subfield>
<subfield code="g">2</subfield>
<subfield code="h">Y</subfield>
<subfield code="i">0</subfield>
<subfield code="j">MAIN</subfield>
<subfield code="k">0</subfield>
</datafield>
</record>
